<?xml version="1.0" encoding="UTF-8"?><collection xmlns="http://www.loc.gov/MARC21/slim"><record><leader>00310nam--2200121-i-4500</leader><controlfield tag="001">000045900</controlfield><controlfield tag="002">20161230</controlfield><controlfield tag="005">20161230201045</controlfield><controlfield tag="008">060222s1000------------r-----000-0-eng-d</controlfield><datafield ind1=" " ind2=" " tag="100"><subfield code="a">Valkenburg, M.E.Van</subfield></datafield><datafield ind1=" " ind2=" " tag="245"><subfield code="a">Network analysis</subfield></datafield><datafield ind1=" " ind2=" " tag="260"><subfield code="a">/Urbana, Illinois/ Retiparita In R.P.Chineza, Vii+440p</subfield></datafield><datafield ind1=" " ind2=" " tag="852"><subfield code="a">5617</subfield></datafield></record></collection>